
@article{bayer_site_2022,
	title = {Site effects how-to and when: {An} overview of retrospective techniques to accommodate site effects in multi-site neuroimaging analyses},
	volume = {13},
	issn = {1664-2295},
	shorttitle = {Site effects how-to and when},
	url = {https://www.frontiersin.org/articles/10.3389/fneur.2022.923988},
	urldate = {2022-12-08},
	journal = {Frontiers in Neurology},
	author = {Bayer, Johanna M. M. and Thompson, Paul M. and Ching, Christopher R. K. and Liu, Mengting and Chen, Andrew and Panzenhagen, Alana C. and Jahanshad, Neda and Marquand, Andre and Schmaal, Lianne and Sämann, Philipp G.},
	year = {2022},
}

@article{lin_estimating_2022,
	title = {Estimating {SNP} heritability in presence of population substructure in biobank-scale datasets},
	volume = {220},
	url = {https://academic.oup.com/genetics/article/220/4/iyac015/6519831},
	doi = {10.1093/GENETICS/IYAC015},
	number = {4},
	journal = {Genetics},
	author = {Lin, Zhaotong and Seal, Souvik and Basu, Saonli},
	month = apr,
	year = {2022},
}

@article{zhao_heritability_2019,
	title = {Heritability of {Regional} {Brain} {Volumes} in {Large}-{Scale} {Neuroimaging} and {Genetic} {Studies}},
	volume = {29},
	issn = {1047-3211},
	url = {https://www.ncbi.nlm.nih.gov/pmc/articles/PMC6611460/},
	doi = {10.1093/cercor/bhy157},
	number = {7},
	urldate = {2022-11-16},
	journal = {Cerebral Cortex (New York, NY)},
	author = {Zhao, Bingxin and Ibrahim, Joseph G and Li, Yun and Li, Tengfei and Wang, Yue and Shan, Yue and Zhu, Ziliang and Zhou, Fan and Zhang, Jingwen and Huang, Chao and Liao, Huiling and Yang, Liuqing and Thompson, Paul M and Zhu, Hongtu},
	month = jul,
	year = {2019},
	pages = {2904--2914},
}

@article{koolschijn_brain_2009,
	title = {Brain volume abnormalities in major depressive disorder: a meta-analysis of magnetic resonance imaging studies},
	volume = {30},
	issn = {1097-0193},
	shorttitle = {Brain volume abnormalities in major depressive disorder},
	doi = {10.1002/hbm.20801},
	language = {eng},
	number = {11},
	journal = {Human Brain Mapping},
	author = {Koolschijn, P. Cédric M. P. and van Haren, Neeltje E. M. and Lensvelt-Mulders, Gerty J. L. M. and Hulshoff Pol, Hilleke E. and Kahn, René S.},
	month = nov,
	year = {2009},
	pages = {3719--3735},
}
